<?xml version="1.0" encoding="UTF-8"?><collection xmlns="http://www.loc.gov/MARC21/slim"><record><leader>00427nam--2200133-i-4500</leader><controlfield tag="001">000019217</controlfield><controlfield tag="002">20161230</controlfield><controlfield tag="005">20161230201033</controlfield><controlfield tag="008">060222s1000------------r-----000-0-eng-d</controlfield><datafield ind1=" " ind2=" " tag="080"><subfield code="a">65.01</subfield></datafield><datafield ind1=" " ind2=" " tag="245"><subfield code="a">Conducerea activitatii economice.traducere din literatura americana, dupa editia din 1967. colectiv condus de ing.zamfirescu silvia</subfield></datafield><datafield ind1=" " ind2=" " tag="260"><subfield code="a">Bucuresti, Editura Tehnica, 1970. 512 P</subfield></datafield><datafield ind1=" " ind2=" " tag="700"><subfield code="a">Maynard, H. B</subfield></datafield><datafield ind1=" " ind2=" " tag="852"><subfield code="a">33811</subfield></datafield></record></collection>